@article{fama1997,
  title={Industry costs of equity},
  author={Fama, Eugene F and French, Kenneth R},
  journal={Journal of financial economics},
  volume={43},
  number={2},
  pages={153--193},
  year={1997},
  publisher={Elsevier}
}


@article{grinold2000,
  title={Active portfolio management},
  author={Grinold, Richard C and Kahn, Ronald N},
  year={2000},
  publisher={McGraw Hill New York, NY}
}


  @Manual{Texevier,
    title = {{Texevier}: {P}ackage to create Elsevier templates for Rmarkdown},
    author = {N.F. Katzke},
    organization = {Bureau for Economic Research},
    address = {Stellenbosch, South Africa},
    note = {version 0.1.2},
    year = {2017},
  }


@online{Loughran,
    author  = {},
  title   = {Documentation for the LoughranMcDonald_MasterDictionary},
  date    = {},
  url={https://www3.nd.edu/~mcdonald/Word_Lists_files/Documentation/Documentation_LoughranMcDonald_MasterDictionary.pdf},
  urldate = {2022-04-05}
}


@article{schonfeld2019,
  title={The UN Security Council debates 1995-2017},
  author={Sch{\"o}nfeld, Mirco and Eckhard, Steffen and Patz, Ronny and van Meegdenburg, Hilde},
  journal={arXiv preprint arXiv:1906.10969},
  year={2019}
}

@online{GeneralInquirer,
    author  = {William James Hall},
  title   = {Harvard Iv-4 General Inquire Dictionary.},
  date    = {2019},
  url={http://www.wjh.harvard.edu/~inquirer/homecat.htm},
  urldate = {2022-04-05}
}
